@online{mqtt,
	title = "MQTT is an OASIS standard messaging protocol for the Internet of Things (IoT)",
	url = "https://mqtt.org",
}

@online{influxdb,
	title = "InfluxDB is a high-speed read and write database",
	url = "https://www.influxdata.com",
}

@online{grafana,
	title = "Grafana is the open source analytics and monitoring solution for every database",
	url = "https://grafana.com",
}

@online{mosquitto,
	title = "Eclipse Mosquitto is an open source message broker",
	url = "https://mosquitto.org",
}

@online{telegraf,
	title = "Telegraf is a plugin-driven server agent for collecting and reporting metrics",
	url = "https://www.influxdata.com/time-series-platform/telegraf",
}

@online{mkr1000,
	title = "Arduino MKR 1000 WiFi",
	url = "https://docs.arduino.cc/hardware/mkr-1000-wifi",
}

@online{statistical,
	title = "Statistical",
	url = "https://www.arduino.cc/reference/en/libraries/statistical/",
}