@online{mqtt,
	title = "MQTT is an OASIS standard messaging protocol for the Internet of Things (IoT).",
	url = "https://mqtt.org/",
}

@online{mockaroo,
	author = "Mark Brocato",
	title = "A free test data generator and API mocking tool",
	url  = "https://www.mockaroo.com/",
	addendum = "(accessed: 20.06.2022)",
}